<record><leader>00000cas a22000007a 4500</leader><controlfield tag="001">9773162</controlfield><controlfield tag="008">830803d18381845nyuwr ne      0    0eng d</controlfield><controlfield tag="009">3781</controlfield><datafield ind1=" " ind2=" " tag="010"><subfield code="a">sn 83031087 </subfield></datafield><datafield ind1=" " ind2=" " tag="040"><subfield code="a">NPU</subfield><subfield code="b">eng</subfield><subfield code="c">NPU</subfield><subfield code="d">NPX</subfield><subfield code="d">NPA</subfield><subfield code="d">NYS</subfield><subfield code="d">OCL</subfield><subfield code="d">KRTAS</subfield><subfield code="d">OCLCF</subfield><subfield code="d">OCLCO</subfield></datafield><datafield ind1="1" ind2=" " tag="029"><subfield code="a">AU@</subfield><subfield code="b">000020127284</subfield></datafield><datafield ind1=" " ind2=" " tag="042"><subfield code="a">msc</subfield></datafield><datafield ind1="0" ind2=" " tag="130"><subfield code="a">Goshen Democrat (Goshen, N.Y. : 1838)</subfield></datafield><datafield ind1="0" ind2="0" tag="245"><subfield code="a">Goshen Democrat.</subfield></datafield><datafield ind1=" " ind2=" " tag="260"><subfield code="a">Goshen, N.Y. :</subfield><subfield code="b">Frederick T. Parsons,</subfield><subfield code="c">1838-1845.</subfield></datafield><datafield ind1=" " ind2=" " tag="300"><subfield code="a">8 v. ;</subfield><subfield code="c">55-61 cm.</subfield></datafield><datafield ind1=" " ind2=" " tag="310"><subfield code="a">Weekly</subfield></datafield><datafield ind1="0" ind2=" " tag="362"><subfield code="a">Vol. 5, no. 210 (Jan. 6, 1838)-v. 12, no. 580 (Feb. 7, 1845).</subfield></datafield><datafield ind1=" " ind2=" " tag="500"><subfield code="a">Published by Mead &amp; Webb, &lt;1842&gt;-1845.</subfield></datafield><datafield ind1=" " ind2="0" tag="651"><subfield code="a">Goshen (N.Y.)</subfield><subfield code="v">Newspapers.</subfield></datafield><datafield ind1=" " ind2="0" tag="651"><subfield code="a">Orange County (N.Y.)</subfield><subfield code="v">Newspapers.</subfield></datafield><datafield ind1=" " ind2="7" tag="655"><subfield code="a">Newspapers.</subfield><subfield code="2">fast</subfield><subfield code="0">(OCoLC)fst01423814</subfield></datafield><datafield ind1=" " ind2="7" tag="651"><subfield code="a">New York (State)</subfield><subfield code="z">Goshen.</subfield><subfield code="2">fast</subfield><subfield code="0">(OCoLC)fst01221923</subfield></datafield><datafield ind1=" " ind2="7" tag="651"><subfield code="a">New York (State)</subfield><subfield code="z">Orange County.</subfield><subfield code="2">fast</subfield><subfield code="0">(OCoLC)fst01206784</subfield></datafield><datafield ind1=" " ind2=" " tag="752"><subfield code="a">United States</subfield><subfield code="b">New York</subfield><subfield code="c">Orange</subfield><subfield code="d">Goshen.</subfield></datafield><datafield ind1="0" ind2="0" tag="780"><subfield code="t">Democrat (Goshen, N.Y.)</subfield><subfield code="w">(DLC)sn 83031086</subfield></datafield><datafield ind1="0" ind2="7" tag="785"><subfield code="t">True Whig (Goshen, N.Y.)</subfield><subfield code="w">(DLC)sn 83031070</subfield></datafield><datafield ind1="0" ind2="7" tag="785"><subfield code="t">Goshen Democrat and Whig</subfield><subfield code="w">(DLC)sn 83031088</subfield></datafield><datafield ind1=" " ind2=" " tag="938"><subfield code="a">Kirtas Technologies, Inc.</subfield><subfield code="b">KRTS</subfield><subfield code="n">737211</subfield></datafield></record>